@article{amershi2014power,
  title={Power to the people: The role of humans in interactive machine learning},
  author={Amershi, Saleema and Cakmak, Maya and Knox, William Bradley and Kulesza, Todd},
  journal={AI Magazine},
  volume={35},
  number={4},
  pages={105--120},
  year={2014}
}

@inproceedings{ford2013getting,
  title={Getting to the source: Where does Wikipedia get its information from?},
  author={Ford, Heather and Sen, Shilad and Musicant, David R and Miller, Nathaniel},
  booktitle={Proceedings of the 9th international symposium on open collaboration},
  pages={9},
  year={2013},
  organization={ACM}
}

@misc{levaniemi2012indicator,
  title={Indicator of Satisfaction},
  author={Levaniemi, Ville and V{\"a}{\"a}n{\"a}nen, Heikki},
  year={2012},
  month=aug # "~16",
  publisher={Google Patents},
  note={US Patent App. 13/502,668}
}

@article{preece2009reader,
  title={The reader-to-leader framework: Motivating technology-mediated social participation},
  author={Preece, Jennifer and Shneiderman, Ben},
  journal={AIS transactions on human-computer interaction},
  volume={1},
  number={1},
  pages={13--32},
  year={2009}
}

@article{sandvig2014auditing,
  title={Auditing algorithms: Research methods for detecting discrimination on internet platforms},
  author={Sandvig, Christian and Hamilton, Kevin and Karahalios, Karrie and Langbort, Cedric},
  journal={Data and discrimination: converting critical concerns into productive inquiry},
  pages={1--23},
  year={2014}
}

@article{schulz2006group,
  title={Group decision making in hidden profile situations: dissent as a facilitator for decision quality.},
  author={Schulz-Hardt, Stefan and Brodbeck, Felix C and Mojzisch, Andreas and Kerschreiter, Rudolf and Frey, Dieter},
  journal={Journal of personality and social psychology},
  volume={91},
  number={6},
  pages={1080},
  year={2006},
  publisher={American Psychological Association}
}

@article{sniezek1989accuracy,
  title={Accuracy and confidence in group judgment},
  author={Sniezek, Janet A and Henry, Rebecca A},
  journal={Organizational behavior and human decision processes},
  volume={43},
  number={1},
  pages={1--28},
  year={1989},
  publisher={Elsevier}
}

@article{stumpf2009interacting,
  title={Interacting meaningfully with machine learning systems: Three experiments},
  author={Stumpf, Simone and Rajaram, Vidya and Li, Lida and Wong, Weng-Keen and Burnett, Margaret and Dietterich, Thomas and Sullivan, Erin and Herlocker, Jonathan},
  journal={International Journal of Human-Computer Studies},
  volume={67},
  number={8},
  pages={639--662},
  year={2009},
  publisher={Elsevier}
}
